<?xml version="1.0" encoding="UTF-8"?>
  <record xmlns="http://www.loc.gov/MARC21/slim" type="Authority">
    <leader>00000nz  a2200000oc 4500</leader>
    <controlfield tag="001">135850800</controlfield>
    <controlfield tag="003">DE-101</controlfield>
    <controlfield tag="005">20080711112757.0</controlfield>
    <controlfield tag="008">080711n||aznnnaabn           | aaa    |c</controlfield>
    <datafield tag="024" ind1="7" ind2=" ">
      <subfield code="a">135850800</subfield>
      <subfield code="0">http://d-nb.info/gnd/135850800</subfield>
      <subfield code="2">gnd</subfield>
    </datafield>
    <datafield tag="035" ind1=" " ind2=" ">
      <subfield code="a">(DE-101)135850800</subfield>
    </datafield>
    <datafield tag="035" ind1=" " ind2=" ">
      <subfield code="a">(DE-588)135850800</subfield>
    </datafield>
    <datafield tag="035" ind1=" " ind2=" ">
      <subfield code="z">(DE-588a)135850800</subfield>
      <subfield code="9">v:zg</subfield>
    </datafield>
    <datafield tag="040" ind1=" " ind2=" ">
      <subfield code="a">DE-7</subfield>
      <subfield code="c">DE-7</subfield>
      <subfield code="9">r:DE-12</subfield>
      <subfield code="b">ger</subfield>
      <subfield code="d">0007</subfield>
    </datafield>
    <datafield tag="042" ind1=" " ind2=" ">
      <subfield code="a">gnd3</subfield>
    </datafield>
    <datafield tag="043" ind1=" " ind2=" ">
      <subfield code="c">XA-DE</subfield>
    </datafield>
    <datafield tag="075" ind1=" " ind2=" ">
      <subfield code="b">p</subfield>
      <subfield code="2">gndgen</subfield>
    </datafield>
    <datafield tag="075" ind1=" " ind2=" ">
      <subfield code="b">piz</subfield>
      <subfield code="2">gndspec</subfield>
    </datafield>
    <datafield tag="079" ind1=" " ind2=" ">
      <subfield code="a">g</subfield>
      <subfield code="q">a</subfield>
      <subfield code="q">f</subfield>
    </datafield>
    <datafield tag="100" ind1="1" ind2=" ">
      <subfield code="a">Görtz, Anna &#152;von&#156;</subfield>
      <subfield code="d">1626-1681</subfield>
    </datafield>
    <datafield tag="375" ind1=" " ind2=" ">
      <subfield code="a">2</subfield>
      <subfield code="2">iso5218</subfield>
    </datafield>
    <datafield tag="400" ind1="1" ind2=" ">
      <subfield code="a">Görtz, Anne &#152;von&#156;</subfield>
      <subfield code="d">1626-1681</subfield>
    </datafield>
    <datafield tag="400" ind1="1" ind2=" ">
      <subfield code="a">Schlitz, Anna &#152;von&#156;</subfield>
      <subfield code="d">1626-1681</subfield>
    </datafield>
    <datafield tag="400" ind1="1" ind2=" ">
      <subfield code="a">Schlitz, Anne &#152;von&#156;</subfield>
      <subfield code="d">1626-1681</subfield>
    </datafield>
    <datafield tag="400" ind1="1" ind2=" ">
      <subfield code="a">Schlitz von Görtz, Anna &#152;von&#156;</subfield>
      <subfield code="d">1626-1681</subfield>
    </datafield>
    <datafield tag="400" ind1="1" ind2=" ">
      <subfield code="a">Schlitz von Görtz, Anne &#152;von&#156;</subfield>
      <subfield code="d">1626-1681</subfield>
    </datafield>
    <datafield tag="400" ind1="1" ind2=" ">
      <subfield code="a">Görtz, Anna von Schlitz &#152;von&#156;</subfield>
      <subfield code="d">1626-1681</subfield>
    </datafield>
    <datafield tag="400" ind1="1" ind2=" ">
      <subfield code="a">Görtz, Anne von Schlitz &#152;von&#156;</subfield>
      <subfield code="d">1626-1681</subfield>
    </datafield>
    <datafield tag="400" ind1="1" ind2=" ">
      <subfield code="a">Görtz von Schlitz, Anna &#152;von&#156;</subfield>
      <subfield code="d">1626-1681</subfield>
    </datafield>
    <datafield tag="400" ind1="1" ind2=" ">
      <subfield code="a">Görtz von Schlitz, Anne &#152;von&#156;</subfield>
      <subfield code="d">1626-1681</subfield>
    </datafield>
    <datafield tag="400" ind1="1" ind2=" ">
      <subfield code="a">Riedesel zu Eisenbach, Anna</subfield>
      <subfield code="d">1626-1681</subfield>
      <subfield code="4">nafr</subfield>
      <subfield code="4">https://d-nb.info/standards/elementset/gnd#EarlierNameOfThePerson</subfield>
      <subfield code="w">r</subfield>
      <subfield code="i">Frueherer Name</subfield>
      <subfield code="e">Frueherer Name</subfield>
    </datafield>
    <datafield tag="400" ind1="1" ind2=" ">
      <subfield code="a">Riedesel zu Eisenbach, Anne</subfield>
      <subfield code="d">1626-1681</subfield>
    </datafield>
    <datafield tag="400" ind1="1" ind2=" ">
      <subfield code="a">Riedesel zu Eysenbach, Anna</subfield>
      <subfield code="d">1626-1681</subfield>
    </datafield>
    <datafield tag="400" ind1="1" ind2=" ">
      <subfield code="a">Riedesel zu Eysenbach, Anne</subfield>
      <subfield code="d">1626-1681</subfield>
    </datafield>
    <datafield tag="400" ind1="1" ind2=" ">
      <subfield code="a">Riedesel, Anna &#152;von&#156;</subfield>
      <subfield code="d">1626-1681</subfield>
    </datafield>
    <datafield tag="400" ind1="1" ind2=" ">
      <subfield code="a">Riedesel, Anne &#152;von&#156;</subfield>
      <subfield code="d">1626-1681</subfield>
    </datafield>
    <datafield tag="400" ind1="1" ind2=" ">
      <subfield code="a">Eisenbach, Anna Riedesel &#152;zu&#156;</subfield>
      <subfield code="d">1626-1681</subfield>
    </datafield>
    <datafield tag="400" ind1="1" ind2=" ">
      <subfield code="a">Eisenbach, Anne Riedesel &#152;zu&#156;</subfield>
      <subfield code="d">1626-1681</subfield>
    </datafield>
    <datafield tag="400" ind1="1" ind2=" ">
      <subfield code="a">Eysenbach, Anna Riedesel &#152;zu&#156;</subfield>
      <subfield code="d">1626-1681</subfield>
    </datafield>
    <datafield tag="400" ind1="1" ind2=" ">
      <subfield code="a">Eysenbach, Anne Riedesel &#152;zu&#156;</subfield>
      <subfield code="d">1626-1681</subfield>
    </datafield>
    <datafield tag="400" ind1="1" ind2=" ">
      <subfield code="a">Riedeselin zu Eisenbach, Anna</subfield>
      <subfield code="d">1626-1681</subfield>
    </datafield>
    <datafield tag="400" ind1="1" ind2=" ">
      <subfield code="a">Riedeselin zu Eisenbach, Anne</subfield>
      <subfield code="d">1626-1681</subfield>
    </datafield>
    <datafield tag="400" ind1="1" ind2=" ">
      <subfield code="a">Riedeselin zu Eysenbach, Anna</subfield>
      <subfield code="d">1626-1681</subfield>
    </datafield>
    <datafield tag="400" ind1="1" ind2=" ">
      <subfield code="a">Riedeselin zu Eysenbach, Anne</subfield>
      <subfield code="d">1626-1681</subfield>
    </datafield>
    <datafield tag="400" ind1="1" ind2=" ">
      <subfield code="a">Riedeselin, Anna &#152;von&#156;</subfield>
      <subfield code="d">1626-1681</subfield>
    </datafield>
    <datafield tag="400" ind1="1" ind2=" ">
      <subfield code="a">Riedeselin, Anne &#152;von&#156;</subfield>
      <subfield code="d">1626-1681</subfield>
    </datafield>
    <datafield tag="400" ind1="1" ind2=" ">
      <subfield code="a">Eisenbach, Anna Riedeselin &#152;zu&#156;</subfield>
      <subfield code="d">1626-1681</subfield>
    </datafield>
    <datafield tag="400" ind1="1" ind2=" ">
      <subfield code="a">Eisenbach, Anne Riedeselin &#152;zu&#156;</subfield>
      <subfield code="d">1626-1681</subfield>
    </datafield>
    <datafield tag="400" ind1="1" ind2=" ">
      <subfield code="a">Eysenbach, Anna Riedeselin &#152;zu&#156;</subfield>
      <subfield code="d">1626-1681</subfield>
    </datafield>
    <datafield tag="400" ind1="1" ind2=" ">
      <subfield code="a">Eysenbach, Anne Riedeselin &#152;zu&#156;</subfield>
      <subfield code="d">1626-1681</subfield>
    </datafield>
    <datafield tag="548" ind1=" " ind2=" ">
      <subfield code="a">1626-1681</subfield>
      <subfield code="4">datl</subfield>
      <subfield code="4">https://d-nb.info/standards/elementset/gnd#dateOfBirthAndDeath</subfield>
      <subfield code="w">r</subfield>
      <subfield code="i">Lebensdaten</subfield>
    </datafield>
    <datafield tag="667" ind1=" " ind2=" ">
      <subfield code="a">VD-17</subfield>
    </datafield>
    <datafield tag="672" ind1=" " ind2="0">
      <subfield code="a">Rüdiger, Friedrich Christoph: Gottes theure Lieb, und überreiche Güt. - 1682</subfield>
    </datafield>
    <datafield tag="678" ind1=" " ind2=" ">
      <subfield code="b">Ehefrau von Johann Volprecht von Görtz, Fuld. Obermarschall, Ritterhauptmann des Kantons Rhön und Werra und Direktor des Fränkischen Ritterkreises Johann Volprecht von Görtz</subfield>
    </datafield>
    <datafield tag="913" ind1=" " ind2=" ">
      <subfield code="S">pnd</subfield>
      <subfield code="i">a</subfield>
      <subfield code="a">Görtz, Anna /von</subfield>
      <subfield code="0">(DE-588a)135850800</subfield>
    </datafield>
  </record>
